@article{REINFORCE,
  author  = "Williams, Ronald J.",
  title   = "Simple statistical gradient-following algorithms for connectionist reinforcement learning",
  journal = "Machine Learning",
  year    = 1992,
  volume  = "8",
  pages   = "229--256",
  url = {https://doi.org/10.1007/BF00992696},
  doi = {10.1007/BF00992696},
}

@misc{haarnoja2018soft,
      title={Soft Actor-Critic: Off-Policy Maximum Entropy Deep Reinforcement Learning with a Stochastic Actor}, 
      author={Tuomas Haarnoja and Aurick Zhou and Pieter Abbeel and Sergey Levine},
      year={2018},
      eprint={1801.01290},
      archivePrefix={arXiv},
      primaryClass={id='cs.LG' full_name='Machine Learning' is_active=True alt_name=None in_archive='cs' is_general=False description='Papers on all aspects of machine learning research (supervised, unsupervised, reinforcement learning, bandit problems, and so on) including also robustness, explanation, fairness, and methodology. cs.LG is also an appropriate primary category for applications of machine learning methods.'}
}
